@misc{lecun_cortes_burges_2004, title={THE MNIST DATABASE}, url={http://yann.lecun.com/exdb/mnist/}, journal={MNIST handwritten digit database, Yann LeCun, Corinna Cortes and Chris Burges}, author={LeCun, Yann and Cortes, Corinna and Burges, Christopher J.C.}, year={2004}} 